@misc{ Scolnik01,
       author = "Hugo D. Scolnik, Juliana Gambini",
       title = "A new method to compute second derivatives",
       year = "2001" }
